<record><leader>00000cas a22000007a 4500</leader><controlfield tag="001">1565918</controlfield><controlfield tag="008">750824d19291945mnuwr ne      0    0dan d</controlfield><datafield ind1=" " ind2=" " tag="010"><subfield code="a">sn 83025219 </subfield></datafield><datafield ind1=" " ind2=" " tag="040"><subfield code="a">MUL</subfield><subfield code="b">eng</subfield><subfield code="c">MUL</subfield><subfield code="d">NPV</subfield><subfield code="d">DLC</subfield><subfield code="d">OCL</subfield><subfield code="d">MN#</subfield><subfield code="d">OCLCQ</subfield><subfield code="d">OCLCF</subfield><subfield code="d">NVF</subfield><subfield code="d">OCLCO</subfield></datafield><datafield ind1=" " ind2=" " tag="019"><subfield code="a">1767893</subfield></datafield><datafield ind1=" " ind2=" " tag="042"><subfield code="a">msc</subfield></datafield><datafield ind1=" " ind2=" " tag="043"><subfield code="a">n-us-mn</subfield></datafield><datafield ind1=" " ind2=" " tag="052"><subfield code="a">4143</subfield><subfield code="b">L6</subfield></datafield><datafield ind1=" " ind2=" " tag="052"><subfield code="a">4144</subfield><subfield code="b">M5</subfield><subfield code="b">T95</subfield></datafield><datafield ind1="0" ind2="4" tag="245"><subfield code="a">Det danske ugeblad.</subfield></datafield><datafield ind1=" " ind2=" " tag="260"><subfield code="a">Minneapolis, Minn. :</subfield><subfield code="b">Nordic Press,</subfield><subfield code="c">1929-1945.</subfield></datafield><datafield ind1=" " ind2=" " tag="300"><subfield code="a">17 v.</subfield></datafield><datafield ind1=" " ind2=" " tag="310"><subfield code="a">Weekly</subfield></datafield><datafield ind1="0" ind2=" " tag="362"><subfield code="a">48. aarg., nr. 11 (14. marts 1929)-64. aarg., nr. 6 (8. febr. 1945).</subfield></datafield><datafield ind1=" " ind2=" " tag="500"><subfield code="a">Published in Tyler, Minn., &lt;14. juli 1932&gt;-June 1, 1939.</subfield></datafield><datafield ind1=" " ind2=" " tag="530"><subfield code="a">Available on microfilm from the Minnesota Historical Society.</subfield></datafield><datafield ind1=" " ind2=" " tag="546"><subfield code="a">In Danish.</subfield></datafield><datafield ind1=" " ind2="0" tag="650"><subfield code="a">Danes</subfield><subfield code="z">Minnesota</subfield><subfield code="v">Newspapers.</subfield></datafield><datafield ind1=" " ind2="7" tag="650"><subfield code="a">Danes.</subfield><subfield code="2">fast</subfield><subfield code="0">(OCoLC)fst00887617</subfield></datafield><datafield ind1=" " ind2="7" tag="651"><subfield code="a">Minnesota.</subfield><subfield code="2">fast</subfield><subfield code="0">(OCoLC)fst01204560</subfield></datafield><datafield ind1=" " ind2="7" tag="655"><subfield code="a">Newspapers.</subfield><subfield code="2">fast</subfield><subfield code="0">(OCoLC)fst01423814</subfield></datafield><datafield ind1=" " ind2=" " tag="752"><subfield code="a">United States</subfield><subfield code="b">Minnesota</subfield><subfield code="c">Hennepin</subfield><subfield code="d">Minneapolis.</subfield></datafield><datafield ind1=" " ind2=" " tag="752"><subfield code="a">United States</subfield><subfield code="b">Minnesota</subfield><subfield code="c">Lincoln</subfield><subfield code="d">Tyler.</subfield></datafield><datafield ind1="0" ind2="0" tag="780"><subfield code="t">Ugebladet (Chicago, Ill.)</subfield><subfield code="w">(DLC)sn 83025218</subfield><subfield code="w">(OCoLC)9317522</subfield></datafield><datafield ind1="0" ind2="0" tag="785"><subfield code="t">Midwest Scandinavian</subfield><subfield code="w">(DLC)sn 90060117</subfield><subfield code="w">(OCoLC)1757450</subfield></datafield></record>